@inproceedings{redmon2016you,
  title={You only look once: Unified, real-time object detection},
  author={Redmon, Joseph and Divvala, Santosh and Girshick, Ross and Farhadi, Ali},
  booktitle={Proceedings of the IEEE conference on computer vision and pattern recognition},
  pages={779--788},
  year={2016}
}

@article{prakash2018structured,
  title={Structured Domain Randomization: Bridging the Reality Gap by Context-Aware Synthetic Data},
  author={Prakash, Aayush and Boochoon, Shaad and Brophy, Mark and Acuna, David and Cameracci, Eric and State, Gavriel and Shapira, Omer and Birchfield, Stan},
  journal={arXiv preprint arXiv:1810.10093},
  year={2018}
}


@article{rajpura2017object,
  title={Object detection using deep cnns trained on synthetic images},
  author={Rajpura, Param S and Bojinov, Hristo and Hegde, Ravi S},
  journal={arXiv preprint arXiv:1706.06782},
  year={2017}
}


@article{redmon2018yolov3,
  title={Yolov3: An incremental improvement},
  author={Redmon, Joseph and Farhadi, Ali},
  journal={arXiv preprint arXiv:1804.02767},
  year={2018}
}

@misc{darknet13,
  author =   {Joseph Redmon},
  title =    {Darknet: Open Source Neural Networks in C},
  howpublished = {\url{http://pjreddie.com/darknet/}},
  year = {2013--2016}
}

@inproceedings{tremblay2018training,
  title={Training deep networks with synthetic data: Bridging the reality gap by domain randomization},
  author={Tremblay, Jonathan and Prakash, Aayush and Acuna, David and Brophy, Mark and Jampani, Varun and Anil, Cem and To, Thang and Cameracci, Eric and Boochoon, Shaad and Birchfield, Stan},
  booktitle={Proceedings of the IEEE Conference on Computer Vision and Pattern Recognition Workshops},
  pages={969--977},
  year={2018}
}

@inproceedings{szegedy2015going,
  title={Going deeper with convolutions},
  author={Szegedy, Christian and Liu, Wei and Jia, Yangqing and Sermanet, Pierre and Reed, Scott and Anguelov, Dragomir and Erhan, Dumitru and Vanhoucke, Vincent and Rabinovich, Andrew},
  booktitle={Proceedings of the IEEE conference on computer vision and pattern recognition},
  pages={1--9},
  year={2015}
}


@inproceedings{tobin2017domain,
  title={Domain randomization for transferring deep neural networks from simulation to the real world},
  author={Tobin, Josh and Fong, Rachel and Ray, Alex and Schneider, Jonas and Zaremba, Wojciech and Abbeel, Pieter},
  booktitle={2017 IEEE/RSJ International Conference on Intelligent Robots and Systems (IROS)},
  pages={23--30},
  year={2017},
  organization={IEEE}
}

